<?xml version="1.0" encoding="UTF-8"?><collection xmlns="http://www.loc.gov/MARC21/slim"><record><leader>00460nam--2200169-i-4500</leader><controlfield tag="001">000027921</controlfield><controlfield tag="002">20161230</controlfield><controlfield tag="005">20170206181022</controlfield><controlfield tag="008">060222s1000------------r-----000-0-eng-d</controlfield><datafield ind1=" " ind2=" " tag="100"><subfield code="a">Lee, S. W</subfield></datafield><datafield ind1=" " ind2=" " tag="245"><subfield code="a">Analytical techniques in the theory of guided waves</subfield></datafield><datafield ind1=" " ind2=" " tag="260"><subfield code="a">New York</subfield><subfield code="b">The Macmillan Co</subfield><subfield code="c">1971</subfield></datafield><datafield ind1=" " ind2=" " tag="300"><subfield code="a">IX + 302 p</subfield></datafield><datafield ind1=" " ind2=" " tag="490"><subfield code="a">Macmillan Series In Electrical Science</subfield></datafield><datafield ind1=" " ind2=" " tag="700"><subfield code="a">Mittra, R</subfield></datafield><datafield ind1=" " ind2=" " tag="852"><subfield code="a">41410</subfield></datafield><datafield ind1=" " ind2=" " tag="CAT"><subfield code="a">SYS</subfield><subfield code="c">20170206</subfield><subfield code="h">181022</subfield></datafield></record></collection>